@misc{NACA5_expanded ,
  author = {Kayhan Ata},
  title = {NACA 5 Digit Airfoils},
  year = 2025,
  howpublished = {\url{https://web.itu.edu.tr/~atares/courses/CA/3.1.2_NACA5.html}},
  urldate = {7.8.2025}
}

@misc{NACA_wiki ,
  author = {Wikipedia},
  title = {NACA airfoil},
  year = 2025,
  howpublished = {\url{https://en.wikipedia.org/wiki/NACA_airfoil}},
  urldate = {7.8.2025}
}

@techreport{ladson1996computer,
  title={Computer program to obtain ordinates for NACA airfoils},
  author={Ladson, Charles L and Brooks Jr, Cuyler W and Hill, Acquilla S and Sproles, Darrell W},
  year={1996}
}

@techreport{jacobs1935tests,
  title={Tests in the variable-density wind tunnel of related airfoils having the maximum camber unusually far forward},
  author={Jacobs, Eastman N and Pinkerton, Robert M},
  year={1935},
  institution={National Advisory Committee for Aeronautics}
}

@article{eastman1933characteristics,
  title={The characteristics of 78 related airfoil sections from tests in the variable-density wind tunnel},
  author={Eastman, NJ and Kenneth, EW and Pinkerton, RM},
  journal={NACA-report-460},
  year={1933}
}
